%----------------------------------------------------------------------------------------
%	BOOK
%----------------------------------------------------------------------------------------

@book{Goodfellow-et-al-2016,
    title={Deep Learning},
    author={Ian Goodfellow and Yoshua Bengio and Aaron Courville},
    publisher={MIT Press},
    note={\url{http://www.deeplearningbook.org}},
    year={2016}
}

@book{Chu-Verilog,
    title={FPGA Prototyping by Verilog Examples: Xilinx Spartan-3 Version},
    author={Pong P. Chu},
    publisher={John Wiley \& Sons, Inc.},
    note={\url{http://academic.csuohio.edu/chu_p/rtl/fpga_vlog.html}},
    year={2008}
}

@book{tobias:book,
author = "{Tobias Oetiker} and {Hubert Partl} and {Irene Hyna} and {Elisabeth Schlegl}",
title = "The {N}ot {S}o {S}hort {I}ntroduction to \LaTeX{}2e",
year = "2011",
address = "Switzerland"
}
%publisher = "???",
%isbn = {1234}

@book{kopka:guide,
author = "{Kopka, Helmut}",
title = "Guide to \LaTeX{}",
publisher = "Addison-Wesley",
year = "2004",
address = "Boston",
isbn = {0321173856}
}

%----------------------------------------------------------------------------------------
%	ARTICLE
%----------------------------------------------------------------------------------------

@ARTICLE{goodfellow:gan,
   author = {{Goodfellow}, I.~J. and {Pouget-Abadie}, J. and {Mirza}, M. and
	{Xu}, B. and {Warde-Farley}, D. and {Ozair}, S. and {Courville}, A. and
	{Bengio}, Y.},
    title = "{Generative Adversarial Networks}",
  journal = {ArXiv e-prints},
archivePrefix = "arXiv",
   eprint = {1406.2661},
 primaryClass = "stat.ML",
 keywords = {Statistics - Machine Learning, Computer Science - Learning},
     year = 2014,
    month = jun,
   adsurl = {http://adsabs.harvard.edu/abs/2014arXiv1406.2661G},
  adsnote = {Provided by the SAO/NASA Astrophysics Data System}
}

@ARTICLE{radford:conv_gan,
   author = {{Radford}, A. and {Metz}, L. and {Chintala}, S.},
    title = "{Unsupervised Representation Learning with Deep Convolutional Generative Adversarial Networks}",
  journal = {ArXiv e-prints},
archivePrefix = "arXiv",
   eprint = {1511.06434},
 primaryClass = "cs.LG",
 keywords = {Computer Science - Learning, Computer Science - Computer Vision and Pattern Recognition},
     year = 2015,
    month = nov,
   adsurl = {http://adsabs.harvard.edu/abs/2015arXiv151106434R},
  adsnote = {Provided by the SAO/NASA Astrophysics Data System}
}

@article{yu15lsun,
    Author = {Yu, Fisher and Zhang, Yinda and Song, Shuran and Seff, Ari and Xiao, Jianxiong},
    Title = {LSUN: Construction of a Large-scale Image Dataset using Deep Learning with Humans in the Loop},
    Journal = {arXiv preprint arXiv:1506.03365},
    Year = {2015}
}

@article{transposed_convolution,
  author    = {Jonathan Long and
               Evan Shelhamer and
               Trevor Darrell},
  title     = {Fully Convolutional Networks for Semantic Segmentation},
  journal   = {CoRR},
  volume    = {abs/1411.4038},
  year      = {2014},
  url       = {http://arxiv.org/abs/1411.4038},
  archivePrefix = {arXiv},
  eprint    = {1411.4038},
  timestamp = {Wed, 07 Jun 2017 14:42:28 +0200},
  biburl    = {https://dblp.org/rec/bib/journals/corr/LongSD14},
  bibsource = {dblp computer science bibliography, https://dblp.org}
}

@ARTICLE{dumoulin:conv_arithmetic,
   author = {{Dumoulin}, V. and {Visin}, F.},
    title = "{A guide to convolution arithmetic for deep learning}",
  journal = {ArXiv e-prints},
archivePrefix = "arXiv",
   eprint = {1603.07285},
 primaryClass = "stat.ML",
 keywords = {Statistics - Machine Learning, Computer Science - Learning, Computer Science - Neural and Evolutionary Computing},
     year = 2016,
    month = mar,
   adsurl = {http://adsabs.harvard.edu/abs/2016arXiv160307285D},
  adsnote = {Provided by the SAO/NASA Astrophysics Data System}
}

@article{DBLP:journals/corr/abs-1712-05877,
  author    = {Benoit Jacob and
               Skirmantas Kligys and
               Bo Chen and
               Menglong Zhu and
               Matthew Tang and
               Andrew G. Howard and
               Hartwig Adam and
               Dmitry Kalenichenko},
  title     = {Quantization and Training of Neural Networks for Efficient Integer-Arithmetic-Only
               Inference},
  journal   = {CoRR},
  volume    = {abs/1712.05877},
  year      = {2017},
  url       = {http://arxiv.org/abs/1712.05877},
  archivePrefix = {arXiv},
  eprint    = {1712.05877},
  timestamp = {Thu, 04 Jan 2018 12:38:35 +0100},
  biburl    = {https://dblp.org/rec/bib/journals/corr/abs-1712-05877},
  bibsource = {dblp computer science bibliography, https://dblp.org}
}

%----------------------------------------------------------------------------------------
%	WEB
%----------------------------------------------------------------------------------------

@online{github:dcgan_fpga,
  author = "Yifan Yu",
  title = "Verilog implementation of the generator of DCGAN on FPGA",
  year = 2018,
  publisher = "",
  url = "https://github.com/lambdalainen/dcgan-fpga",
  lastchecked = "May 06, 2018"
}

@online{github:gemmlowp,
  author = "B. Jacob, P. Warden, et al.",
  title = "gemmlowp: a small self-contained low-precision gemm library",
  year = 2015,
  publisher = "",
  url = "https://github.com/google/gemmlowp",
  lastchecked = "May 06, 2018"
}
